@misc{SHAvisual,
   author = "Ma, J. and Tao, J. and Keranen, M. and Mayo, J. and Shene, C.-K. and Wang, C.",
   title = "{SHAvisual: A Visualization Tool for Secure Hash Algorithm}",
  year = "2014"
}
@misc{VisSHA1,
   author = "Nasr, D. and Bahig, H. and Daoud, S.",
   title = "{Visualizing Secure Hash Algorithm (SHA-1) on the Web}",
  year = "2011"
}
@misc{SHA3comp,
   author = "{NIST (National Institute Of Standards and Technology)}",
   title = "{The SHA-3 Cryptographic Hash Algorithm Competition}",
  year = "2015",
  howpublished = "\url{http://csrc.nist.gov/groups/ST/hash/sha-3/}"
}
@misc{Java3dLib,
   author = "{Wikipedia contributors}",
   title = "{Java 3D}",
  year = "2015",
  howpublished = "\url{http://en.wikipedia.org/wiki/Java_3D}"
}
@misc{KeccakSite,
   author = "{Bertoni, G. and Daemen, J. and Peeters, M. and Van Assche, G.}",
   title = "{The Keccak sponge function family}",
  year = "2015",
  howpublished = "\url{http://keccak.noekeon.org/}"
}
@misc{Java3dDoc,
   title = "{Java 3D Parent Project â€” Project Kenai}",
   year = "2015",
   howpublished = "\url{https://java3d.java.net/}"
}
@misc{SHA3Wiki,
   author = "{Wikipedia contributors}",
   title = "{SHA-3}",
  year = "2015",
  howpublished = "\url{http://en.wikipedia.org/wiki/SHA-3}"
}